@inproceedings{asp-primer,
  author    = {Thomas Eiter and
               Giovambattista Ianni and
               Thomas Krennwallner},
  title     = {Answer Set Programming: {A} Primer},
  booktitle = {Reasoning Web},
  series    = {Lecture Notes in Computer Science},
  volume    = {5689},
  pages     = {40--110},
  publisher = {Springer},
  year      = {2009}
}

@article{dlvhex,
  title={The DLVHEX system},
  author={Eiter, Thomas and Germano, Stefano and Ianni, Giovambattista and Kaminski, Tobias and Redl, Christoph and Sch{\"u}ller, Peter and Weinzierl, Antonius},
  journal={KI-K{\"u}nstliche Intelligenz},
  volume={32},
  number={2},
  pages={187--189},
  year={2018},
  publisher={Springer}
}

@article{clingo4,
  title={Clingo= ASP+ control},
  author={Gebser, Martin and Kaminski, Roland and Kaufmann, Benjamin and Schaub, Torsten},
  journal={arXiv preprint arXiv:1405.3694},
  year={2014},
  publisher={Citeseer}
}

@inproceedings{oclingo,
  title={Reactive answer set programming},
  author={Gebser, Martin and Grote, Torsten and Kaminski, Roland and Schaub, Torsten},
  booktitle={International Conference on Logic Programming and Nonmonotonic Reasoning},
  pages={54--66},
  year={2011},
  organization={Springer}
}

@article{asp-core2,
  title={ASP-Core-2 input language format},
  author={Calimeri, Francesco and Faber, Wolfgang and Gebser, Martin and Ianni, Giovambattista and Kaminski, Roland and Krennwallner, Thomas and Leone, Nicola and Maratea, Marco and Ricca, Francesco and Schaub, Torsten},
  journal={Theory and Practice of Logic Programming},
  volume={20},
  number={2},
  pages={294--309},
  year={2020},
  publisher={Cambridge University Press}
}

@inproceedings{acthex,
  title={HEX programs with action atoms},
  author={Basol, Selen and Erdem, Ozan and Fink, Michael and Ianni, Giovambattista},
  booktitle={Technical Communications of the 26th International Conference on Logic Programming},
  year={2010},
  organization={Schloss Dagstuhl-Leibniz-Zentrum fuer Informatik}
}

@inproceedings{stable-models,
  author    = {Michael Gelfond and
               Vladimir Lifschitz},
  title     = {The Stable Model Semantics for Logic Programming},
  booktitle = {{ICLP/SLP}},
  pages     = {1070--1080},
  publisher = {{MIT} Press},
  year      = {1988}
}

@inproceedings{aspetris,
  title={Answer Set Application Programming: a Case Study on Tetris.},
  author={Sch{\"u}ller, Peter and Weinzierl, Antonius},
  booktitle={ICLP (Technical Communications)},
  year={2015}
}

@article{alpha,
  title={The Alpha Solver for Lazy-Grounding Answer-Set Programming},
  author={Weinzierl, Antonius and Bogaerts, Bart and Bomanson, Jori and Eiter, Thomas and Friedrich, Gerhard and Janhunen, Tomi and Kaminski, Tobias and Langowski, Michael and Leutgeb, Lorenz and Schenner, Gottfried and others},
  year={2019}
}

@article{gasp-compseq,
  title={Gasp: Answer set programming with lazy grounding},
  author={Dal Palu, Alessandro and Dovier, Agostino and Pontelli, Enrico and Rossi, Gianfranco},
  journal={Fundamenta Informaticae},
  volume={96},
  number={3},
  pages={297--322},
  year={2009},
  publisher={IOS Press}
}

@article{modules-compositionality,
  title={Achieving compositionality of the stable model semantics for smodels programs},
  author={Oikarinen, Emilia and Janhunen, Tomi},
  journal={arXiv preprint arXiv:0809.4582},
  year={2008}
}

@inproceedings{splitting-sets,
  title={Splitting a logic program.},
  author={Lifschitz, Vladimir and Turner, Hudson},
  booktitle={ICLP},
  volume={94},
  pages={23--37},
  year={1994},
  organization={Citeseer}
}

@inproceedings{templates,
  title={Enhancing answer set programming with templates.},
  author={Ianni, Giovambattista and Ielpa, Giuseppe and Pietramala, Adriana and Santoro, Maria Carmela and Calimeri, Francesco},
  booktitle={NMR},
  pages={233--239},
  year={2004}
}

@article{clingo-multishot,
  title={Multi-shot ASP solving with clingo},
  author={Gebser, Martin and Kaminski, Roland and Kaufmann, Benjamin and Schaub, Torsten},
  journal={Theory and Practice of Logic Programming},
  volume={19},
  number={1},
  pages={27--82},
  year={2019},
  publisher={Cambridge University Press}
}

@inproceedings{asperix,
  title={The first version of a new ASP solver: ASPeRiX},
  author={Lefevre, Claire and Nicolas, Pascal},
  booktitle={International Conference on Logic Programming and Nonmonotonic Reasoning},
  pages={522--527},
  year={2009},
  organization={Springer}
}

@inproceedings{alpha-cdnl,
  title={Blending lazy-grounding and CDNL search for answer-set solving},
  author={Weinzierl, Antonius},
  booktitle={International Conference on Logic Programming and Nonmonotonic Reasoning},
  pages={191--204},
  year={2017},
  organization={Springer}
}

@inproceedings{haspie,
  title={haspie-A Musical Harmonisation Tool Based on ASP},
  author={Cabalar, Pedro and Mart{\'\i}n, Rodrigo},
  booktitle={EPIA Conference on Artificial Intelligence},
  pages={637--642},
  year={2017},
  organization={Springer}
}