@article{asp-core2,
  title={ASP-Core-2 input language format},
  author={Calimeri, Francesco and Faber, Wolfgang and Gebser, Martin and Ianni, Giovambattista and Kaminski, Roland and Krennwallner, Thomas and Leone, Nicola and Maratea, Marco and Ricca, Francesco and Schaub, Torsten},
  journal={Theory and Practice of Logic Programming},
  volume={20},
  number={2},
  pages={294--309},
  year={2020},
  publisher={Cambridge University Press}
}

@inproceedings{stable-models,
  title={The stable model semantics for logic programming.},
  author={Gelfond, Michael and Lifschitz, Vladimir},
  booktitle={International Conference on Logic Programming/Symposium on Logic Programming},
  volume={88},
  pages={1070--1080},
  year={1988}
}

@inproceedings{lazy-cdnl,
  title={Blending lazy-grounding and CDNL search for answer-set solving},
  author={Weinzierl, Antonius},
  booktitle={International Conference on Logic Programming and Nonmonotonic Reasoning},
  pages={191--204},
  year={2017},
  organization={Springer}
}

@inproceedings{asp-primer,
  title={Answer set programming: A primer},
  author={Eiter, Thomas and Ianni, Giovambattista and Krennwallner, Thomas},
  booktitle={Reasoning Web International Summer School},
  pages={40--110},
  year={2009},
  organization={Springer}
}

@inproceedings{dlv,
  title={The DLV system},
  author={Leone, Nicola and Pfeifer, Gerald and Faber, Wolfgang and Calimeri, Francesco and Dell’Armi, Tina and Eiter, Thomas and Gottlob, Georg and Ianni, Giovambattista and Ielpa, Giuseppe and Koch, Christoph and others},
  booktitle={European Workshop on Logics in Artificial Intelligence},
  pages={537--540},
  year={2002},
  organization={Springer}
}

@inproceedings{smodels,
  title={The smodels system},
  author={Syrj{\"a}nen, Tommi and Niemel{\"a}, Ilkka},
  booktitle={International Conference on Logic Programming and NonMonotonic Reasoning},
  pages={434--438},
  year={2001},
  organization={Springer}
}

@article{clingo,
  title={A user’s guide to gringo, clasp, clingo, and iclingo},
  author={Gebser, Martin and Kaminski, Roland and Kaufmann, Benjamin and Ostrowski, Max and Schaub, Torsten and Thiele, Sven},
  year={2008},
  publisher={Citeseer}
}